@inproceedings{mazur2010wikiwars,
	title={Wikiwars: A new corpus for research on temporal expressions},
	author={Mazur, Pawet and Dale, Robert},
	booktitle={Proceedings of the 2010 Conference on Empirical Methods in Natural Language Processing},
	pages={913--922},
	year={2010},
	organization={Association for Computational Linguistics}
}

@article{walker2006ace,
	title={ACE 2005 multilingual training corpus},
	author={Walker, Christopher and Strassel, Stephanie and Medero, Julie and Maeda, Kazuaki},
	journal={Linguistic Data Consortium, Philadelphia},
	volume={57},
	year={2006}
}

@inproceedings{caselli2011annotating,
	title={Annotating events, temporal expressions and relations in Italian: the It-TimeML experience for the Ita-TimeBank},
	author={Caselli, Tommaso and Lenzi, Valentina Bartalesi and Sprugnoli, Rachele and Pianta, Emanuele and Prodanof, Irina},
	booktitle={Proceedings of the 5th Linguistic Annotation Workshop},
	pages={143--151},
	year={2011},
	organization={Association for Computational Linguistics}
}


@article{foruascu2012romanian,
	title={Romanian TimeBank: An annotated parallel corpus for temporal information},
	author={For{\u{a}}scu, Corina and Tufi{\c{s}}, Dan},
	year={2012}
}

@inproceedings{Costa:Branco:2012c,
	author = {Francisco Costa and Ant{\'o}nio Branco},
	title = {{TimeBankPT}: A {TimeML} Annotated Corpus of {P}ortuguese},
	booktitle = {Proceedings of the 8th International Conference on Language Resources and Evaluation (LREC'12)},
	year = {2012},
	month = {May},
	date = {23-25},
	address = {Istanbul, Turkey},
	editor = {Nicoletta Calzolari and Khalid Choukri and Thierry Declerck and Mehmet Uğur Doğan and Bente Maegaard and Joseph Mariani and Jan Odijk and Stelios Piperidis},
	publisher = {European Language Resources Association (ELRA)},
	isbn = {978-2-9517408-7-7},
	pages = {3727--3734},
	language = {english},
	url = {http://nlx.di.fc.ul.pt/~fcosta/papers/lrec2012.pdf}
}

@inproceedings{bittar2011french,
	title={French TimeBank: an ISO-TimeML annotated reference corpus},
	author={Bittar, Andr{\'e} and Amsili, Pascal and Denis, Pascal and Danlos, Laurence},
	booktitle={Proceedings of the 49th Annual Meeting of the Association for Computational Linguistics: Human Language Technologies: short papers-Volume 2},
	pages={130--134},
	year={2011},
	organization={Association for Computational Linguistics}
}


@article{strotgen2014time,
	title={Time for more languages: Temporal tagging of Arabic, Italian, Spanish, and Vietnamese},
	author={Str{\"o}tgen, Jannik and Armiti, Ayser and Van Canh, Tran and Zell, Julian and Gertz, Michael},
	journal={ACM Transactions on Asian Language Information Processing (TALIP)},
	volume={13},
	number={1},
	pages={1},
	year={2014},
	publisher={ACM}
}


@inproceedings{strotgen2011wikiwarsde,
	title={WikiWarsDE: A German corpus of narratives annotated with temporal expressions},
	author={Str{\"o}tgen, Jannik and Gertz, Michael},
	booktitle={Proceedings of the conference of the German society for computational linguistics and language technology (GSCL 2011)},
	pages={129--134},
	year={2011},
	organization={Citeseer}
}


@inproceedings{DBLP:conf/lrec/StrotgenBZACG14,
	author    = {Jannik Str{\"{o}}tgen and
	Thomas B{\"{o}}gel and
	Julian Zell and
	Ayser Armiti and
	Tran Van Canh and
	Michael Gertz},
	title     = {Extending HeidelTime for Temporal Expressions Referring to Historic
	Dates},
	booktitle = {Proceedings of the Ninth International Conference on Language Resources
	and Evaluation, {LREC} 2014, Reykjavik, Iceland, May 26-31, 2014.},
	pages     = {2390--2397},
	year      = {2014},
	crossref  = {DBLP:conf/lrec/2014},
	url       = {http://www.lrec-conf.org/proceedings/lrec2014/summaries/849.html},
	timestamp = {Mon, 29 Aug 2016 18:40:10 +0200},
	biburl    = {https://dblp.org/rec/bib/conf/lrec/StrotgenBZACG14},
	bibsource = {dblp computer science bibliography, https://dblp.org}
}

@inproceedings{DBLP:conf/eacl/LiSZG14,
	author    = {Hui Li and
	Jannik Str{\"{o}}tgen and
	Julian Zell and
	Michael Gertz},
	title     = {Chinese Temporal Tagging with HeidelTime},
	booktitle = {Proceedings of the 14th Conference of the European Chapter of the
	Association for Computational Linguistics, {EACL} 2014, April 26-30,
	2014, Gothenburg, Sweden},
	pages     = {133--137},
	year      = {2014},
	crossref  = {DBLP:conf/eacl/2014},
	url       = {http://aclweb.org/anthology/E/E14/E14-4026.pdf},
	timestamp = {Thu, 17 Aug 2017 17:55:38 +0200},
	biburl    = {http://dblp.org/rec/bib/conf/eacl/LiSZG14},
	bibsource = {dblp computer science bibliography, http://dblp.org}
}


@article{DBLP:journals/corr/JoulinGBM16,
	author    = {Armand Joulin and
	Edouard Grave and
	Piotr Bojanowski and
	Tomas Mikolov},
	title     = {Bag of Tricks for Efficient Text Classification},
	journal   = {CoRR},
	volume    = {abs/1607.01759},
	year      = {2016},
	url       = {http://arxiv.org/abs/1607.01759},
	archivePrefix = {arXiv},
	eprint    = {1607.01759},
	timestamp = {Wed, 07 Jun 2017 14:42:39 +0200},
	biburl    = {http://dblp.org/rec/bib/journals/corr/JoulinGBM16},
	bibsource = {dblp computer science bibliography, http://dblp.org}
}


@article{DBLP:journals/tacl/BojanowskiGJM17,
	author    = {Piotr Bojanowski and
	Edouard Grave and
	Armand Joulin and
	Tomas Mikolov},
	title     = {Enriching Word Vectors with Subword Information},
	journal   = {{TACL}},
	volume    = {5},
	pages     = {135--146},
	year      = {2017},
	url       = {https://transacl.org/ojs/index.php/tacl/article/view/999},
	timestamp = {Wed, 28 Jun 2017 15:07:40 +0200},
	biburl    = {http://dblp.org/rec/bib/journals/tacl/BojanowskiGJM17},
	bibsource = {dblp computer science bibliography, http://dblp.org}
}



@inproceedings{navarro2009wiktionary,
	title={Wiktionary and NLP: Improving synonymy networks},
	author={Navarro, Emmanuel and Sajous, Franck and Gaume, Bruno and Pr{\'e}vot, Laurent and ShuKai, Hsieh and Tzu-Yi, Kuo and Magistry, Pierre and Chu-Ren, Huang},
	booktitle={Proceedings of the 2009 Workshop on The People's Web Meets NLP: Collaboratively Constructed Semantic Resources},
	pages={19--27},
	year={2009},
	organization={Association for Computational Linguistics}
}

@techreport{chinchor1998overview,
	title={Overview of muc-7/met-2},
	author={Chinchor, Nancy A},
	year={1998},
	institution={SCIENCE APPLICATIONS INTERNATIONAL CORP SAN DIEGO CA}
}


@article{moriceau2013french,
	title={French resources for extraction and normalization of temporal expressions with heideltime},
	author={Moriceau, V{\'e}ronique and Tannier, Xavier},
	journal={extraction},
	volume={26},
	year={2013}
}


@inproceedings{skukan2014heideltime,
	title={HEIDELTIME. HR: extracting and normalizing temporal expressions in Croatian},
	author={Skukan, Luka and Glava{\v{s}}, Goran and {\v{S}}najder, Jan},
	booktitle={Proceedings of the 9th Slovenian Language Technologies Conferences (IS-LT 2014)},
	pages={99--103},
	year={2014}
}


@inproceedings{caselli2014eventi,
	title={EVENTI: EValuation of Events and Temporal INformation at Evalita 2014},
	author={Caselli, Tommaso and Sprugnoli, Rachele and Speranza, Manuela and Monachini, Monica},
	booktitle={Proceedings of the First Italian Conference on Computational Linguistics CLiC-it 2014 \& and of the Fourth International Workshop EVALITA 2014},
	pages={27--34},
	year={2014},
	organization={Pisa University Press}
}


@inproceedings{DBLP:conf/semeval/UzZamanLDAVP13,
	author    = {Naushad UzZaman and
	Hector Llorens and
	Leon Derczynski and
	James F. Allen and
	Marc Verhagen and
	James Pustejovsky},
	title     = {SemEval-2013 Task 1: TempEval-3: Evaluating Time Expressions, Events,
	and Temporal Relations},
	booktitle = {Proceedings of the 7th International Workshop on Semantic Evaluation,
	SemEval@NAACL-HLT 2013, Atlanta, Georgia, USA, June 14-15, 2013},
	pages     = {1--9},
	year      = {2013},
	crossref  = {DBLP:conf/semeval/2013},
	url       = {http://aclweb.org/anthology/S/S13/S13-2001.pdf},
	timestamp = {Wed, 05 Oct 2016 11:57:32 +0200},
	biburl    = {http://dblp.org/rec/bib/conf/semeval/UzZamanLDAVP13},
	bibsource = {dblp computer science bibliography, http://dblp.org}
}


@inproceedings{DBLP:conf/semeval/VerhagenSCP10,
	author    = {Marc Verhagen and
	Roser Saur{\'{\i}} and
	Tommaso Caselli and
	James Pustejovsky},
	title     = {SemEval-2010 Task 13: TempEval-2},
	booktitle = {Proceedings of the 5th International Workshop on Semantic Evaluation,
	SemEval@ACL 2010, Uppsala University, Uppsala, Sweden, July 15-16,
	2010},
	pages     = {57--62},
	year      = {2010},
	crossref  = {DBLP:conf/semeval/2010},
	url       = {http://aclweb.org/anthology/S/S10/S10-1010.pdf},
	timestamp = {Thu, 06 Oct 2016 13:56:34 +0200},
	biburl    = {http://dblp.org/rec/bib/conf/semeval/VerhagenSCP10},
	bibsource = {dblp computer science bibliography, http://dblp.org}
}


@inproceedings{dressler2003morphological,
	title={Morphological typology and first language acquisition: Some mutual challenges},
	author={Dressler, Wolfgang},
	booktitle={Mediterranean Morphology Meetings},
	volume={4},
	pages={7--20},
	year={2003}
}


@book{indurkhya2010handbook,
	title={Handbook of natural language processing},
	author={Indurkhya, Nitin and Damerau, Fred J},
	volume={2},
	year={2010},
	publisher={CRC Press}
}


@inproceedings{DBLP:conf/ijcnlp/SpreyerF08,
	author    = {Kathrin Spreyer and
	Anette Frank},
	title     = {Projection-based Acquisition of a Temporal Labeller},
	booktitle = {Third International Joint Conference on Natural Language Processing,
	{IJCNLP} 2008, Hyderabad, India, January 7-12, 2008},
	pages     = {489--496},
	year      = {2008},
	crossref  = {DBLP:conf/ijcnlp/2008},
	url       = {http://aclweb.org/anthology/I/I08/I08-1064.pdf},
	timestamp = {Mon, 08 Apr 2013 08:39:55 +0200},
	biburl    = {http://dblp.org/rec/bib/conf/ijcnlp/SpreyerF08},
	bibsource = {dblp computer science bibliography, http://dblp.org}
}


@inproceedings{DBLP:conf/micai/SaqueteMM04,
	author    = {Estela Saquete and
	Patricio Mart{\'{\i}}nez{-}Barco and
	Rafael Mu{\~{n}}oz},
	title     = {Automatic Multilinguality for Time Expression Resolution},
	booktitle = {{MICAI} 2004: Advances in Artificial Intelligence, Third Mexican International
	Conference on Artificial Intelligence, Mexico City, Mexico, April
	26-30, 2004, Proceedings},
	pages     = {458--467},
	year      = {2004},
	crossref  = {DBLP:conf/micai/2004},
	url       = {https://doi.org/10.1007/978-3-540-24694-7_47},
	doi       = {10.1007/978-3-540-24694-7_47},
	timestamp = {Mon, 29 May 2017 16:53:43 +0200},
	biburl    = {http://dblp.org/rec/bib/conf/micai/SaqueteMM04},
	bibsource = {dblp computer science bibliography, http://dblp.org}
}



@inproceedings{DBLP:conf/acl/LeeADZ14,
	author    = {Kenton Lee and
	Yoav Artzi and
	Jesse Dodge and
	Luke Zettlemoyer},
	title     = {Context-dependent Semantic Parsing for Time Expressions},
	booktitle = {Proceedings of the 52nd Annual Meeting of the Association for Computational
	Linguistics, {ACL} 2014, June 22-27, 2014, Baltimore, MD, USA, Volume
	1: Long Papers},
	pages     = {1437--1447},
	year      = {2014},
	crossref  = {DBLP:conf/acl/2014-1},
	url       = {http://aclweb.org/anthology/P/P14/P14-1135.pdf},
	timestamp = {Sun, 20 Jul 2014 18:08:18 +0200},
	biburl    = {http://dblp.org/rec/bib/conf/acl/LeeADZ14},
	bibsource = {dblp computer science bibliography, http://dblp.org}
}


@inproceedings{DBLP:conf/lrec/ChangM12,
	author    = {Angel X. Chang and
	Christopher D. Manning},
	title     = {SUTime: {A} library for recognizing and normalizing time expressions},
	booktitle = {Proceedings of the Eighth International Conference on Language Resources
	and Evaluation, {LREC} 2012, Istanbul, Turkey, May 23-25, 2012},
	pages     = {3735--3740},
	year      = {2012},
	crossref  = {DBLP:conf/lrec/2012},
	url       = {http://www.lrec-conf.org/proceedings/lrec2012/summaries/284.html},
	timestamp = {Mon, 29 Aug 2016 18:40:10 +0200},
	biburl    = {http://dblp.org/rec/bib/conf/lrec/ChangM12},
	bibsource = {dblp computer science bibliography, http://dblp.org}
}


@inproceedings{DBLP:conf/semeval/UzZamanA10,
	author    = {Naushad UzZaman and
	James F. Allen},
	title     = {{TRIPS} and {TRIOS} System for TempEval-2: Extracting Temporal Information
	from Text},
	booktitle = {Proceedings of the 5th International Workshop on Semantic Evaluation,
	SemEval@ACL 2010, Uppsala University, Uppsala, Sweden, July 15-16,
	2010},
	pages     = {276--283},
	year      = {2010},
	crossref  = {DBLP:conf/semeval/2010},
	url       = {http://aclweb.org/anthology/S/S10/S10-1062.pdf},
	timestamp = {Thu, 06 Oct 2016 13:56:34 +0200},
	biburl    = {http://dblp.org/rec/bib/conf/semeval/UzZamanA10},
	bibsource = {dblp computer science bibliography, http://dblp.org}
}


@inproceedings{DBLP:conf/semeval/LlorensSN10,
	author    = {Hector Llorens and
	Estela Saquete and
	Borja Navarro},
	title     = {TIPSem (English and Spanish): Evaluating CRFs and Semantic Roles in
	TempEval-2},
	booktitle = {Proceedings of the 5th International Workshop on Semantic Evaluation,
	SemEval@ACL 2010, Uppsala University, Uppsala, Sweden, July 15-16,
	2010},
	pages     = {284--291},
	year      = {2010},
	crossref  = {DBLP:conf/semeval/2010},
	url       = {http://aclweb.org/anthology/S/S10/S10-1063.pdf},
	timestamp = {Thu, 06 Oct 2016 13:56:34 +0200},
	biburl    = {http://dblp.org/rec/bib/conf/semeval/LlorensSN10},
	bibsource = {dblp computer science bibliography, http://dblp.org}
}


@inproceedings{DBLP:conf/time/HanGL06,
	author    = {Benjamin Han and
	Donna Gates and
	Lori S. Levin},
	title     = {From Language to Time: {A} Temporal Expression Anchorer},
	booktitle = {13th International Symposium on Temporal Representation and Reasoning
	{(TIME} 2006), 15-17 June 2006, Budapest, Hungary},
	pages     = {196--203},
	year      = {2006},
	crossref  = {DBLP:conf/time/2006},
	url       = {https://doi.org/10.1109/TIME.2006.16},
	doi       = {10.1109/TIME.2006.16},
	timestamp = {Thu, 25 May 2017 00:39:53 +0200},
	biburl    = {http://dblp.org/rec/bib/conf/time/HanGL06},
	bibsource = {dblp computer science bibliography, http://dblp.org}
}

@inproceedings{DBLP:conf/naacl/AhnRR07,
	author    = {David Ahn and
	Joris van Rantwijk and
	Maarten de Rijke},
	title     = {A Cascaded Machine Learning Approach to Interpreting Temporal Expressions},
	booktitle = {Human Language Technology Conference of the North American Chapter
	of the Association of Computational Linguistics, Proceedings, April
	22-27, 2007, Rochester, New York, {USA}},
	pages     = {420--427},
	year      = {2007},
	crossref  = {DBLP:conf/naacl/2007},
	url       = {http://www.aclweb.org/anthology/N07-1053},
	timestamp = {Thu, 15 Dec 2016 16:11:53 +0100},
	biburl    = {http://dblp.org/rec/bib/conf/naacl/AhnRR07},
	bibsource = {dblp computer science bibliography, http://dblp.org}
}


@inproceedings{DBLP:conf/dagstuhl/AhnAR05,
	author    = {David Ahn and
	Sisay Fissaha Adafre and
	Maarten de Rijke},
	title     = {Towards Task-Based Temporal Extraction and Recognition},
	booktitle = {Annotating, Extracting and Reasoning about Time and Events, 10.-15.
	April 2005},
	year      = {2005},
	crossref  = {DBLP:conf/dagstuhl/2005P5151},
	url       = {http://drops.dagstuhl.de/opus/volltexte/2005/315},
	timestamp = {Sun, 09 Jul 2017 09:10:06 +0200},
	biburl    = {http://dblp.org/rec/bib/conf/dagstuhl/AhnAR05},
	bibsource = {dblp computer science bibliography, http://dblp.org}
}

@inproceedings{DBLP:conf/cicling/HaciogluCD05,
	author    = {Kadri Hacioglu and
	Ying Chen and
	Benjamin Douglas},
	title     = {Automatic Time Expression Labeling for English and Chinese Text},
	booktitle = {Computational Linguistics and Intelligent Text Processing, 6th International
	Conference, CICLing 2005, Mexico City, Mexico, February 13-19, 2005,
	Proceedings},
	pages     = {548--559},
	year      = {2005},
	crossref  = {DBLP:conf/cicling/2005},
	url       = {https://doi.org/10.1007/978-3-540-30586-6_59},
	doi       = {10.1007/978-3-540-30586-6_59},
	timestamp = {Fri, 02 Jun 2017 20:48:21 +0200},
	biburl    = {http://dblp.org/rec/bib/conf/cicling/HaciogluCD05},
	bibsource = {dblp computer science bibliography, http://dblp.org}
}


@inproceedings{DBLP:conf/ltconf/MazurD07,
	author    = {Pawel P. Mazur and
	Robert Dale},
	title     = {The {DANTE} Temporal Expression Tagger},
	booktitle = {Human Language Technology. Challenges of the Information Society,
	Third Language and Technology Conference, {LTC} 2007, Poznan, Poland,
	October 5-7, 2007, Revised Selected Papers},
	pages     = {245--257},
	year      = {2007},
	crossref  = {DBLP:conf/ltconf/2007},
	url       = {https://doi.org/10.1007/978-3-642-04235-5_21},
	doi       = {10.1007/978-3-642-04235-5_21},
	timestamp = {Sun, 04 Jun 2017 10:08:05 +0200},
	biburl    = {http://dblp.org/rec/bib/conf/ltconf/MazurD07},
	bibsource = {dblp computer science bibliography, http://dblp.org}
}

@article{DBLP:journals/dke/SaqueteMM06,
	author    = {Estela Saquete and
	Rafael Mu{\~{n}}oz and
	Patricio Mart{\'{\i}}nez{-}Barco},
	title     = {Event ordering using {TERSEO} system},
	journal   = {Data Knowl. Eng.},
	volume    = {58},
	number    = {1},
	pages     = {70--89},
	year      = {2006},
	url       = {https://doi.org/10.1016/j.datak.2005.05.011},
	doi       = {10.1016/j.datak.2005.05.011},
	timestamp = {Mon, 05 Jun 2017 20:51:23 +0200},
	biburl    = {http://dblp.org/rec/bib/journals/dke/SaqueteMM06},
	bibsource = {dblp computer science bibliography, http://dblp.org}
}



@article{negri2004recognition,
	title={Recognition and Normalization of Time Expressions: ITC-irst at TERN 2004},
	author={Negri, Matteo and Marseglia, Luca},
	journal={Rapport interne, ITC-irst, Trento},
	year={2004}
}

@inproceedings{negri2007dealing,
	title={Dealing with italian temporal expressions: The ITA-Chronos system},
	author={Negri, Matteo},
	booktitle={Proceedings of EVALITA 2007, Workshop held in conjunction with AI* IA},
	year={2007}
}

@inproceedings{negri2006evaluating,
	title={Evaluating knowledge-based approaches to the multilingual extension of a temporal expression normalizer},
	author={Negri, Matteo and Saquete, Estela and Mart{\'\i}nez-Barco, Patricio and Munoz, Rafael},
	booktitle={Proceedings of the Workshop on Annotating and Reasoning about Time and Events},
	pages={30--37},
	year={2006},
	organization={Association for Computational Linguistics}
}


@inproceedings{DBLP:conf/acl/VerhagenMSLKJRPP05,
	author    = {Marc Verhagen and
	Inderjeet Mani and
	Roser Saur{\'{\i}} and
	Jessica Littman and
	Robert Knippen and
	Seok Bae Jang and
	Anna Rumshisky and
	John Phillips and
	James Pustejovsky},
	title     = {Automating Temporal Annotation with {TARSQI}},
	booktitle = {{ACL} 2005, 43rd Annual Meeting of the Association for Computational
	Linguistics, Proceedings of the Conference, 25-30 June 2005, University
	of Michigan, {USA}},
	pages     = {81--84},
	year      = {2005},
	crossref  = {DBLP:conf/acl/2005},
	url       = {http://aclweb.org/anthology/P/P05/P05-3021.pdf},
	timestamp = {Thu, 17 Aug 2017 17:55:42 +0200},
	biburl    = {http://dblp.org/rec/bib/conf/acl/VerhagenMSLKJRPP05},
	bibsource = {dblp computer science bibliography, http://dblp.org}
}


@inproceedings{DBLP:conf/acl/ManiW00,
	author    = {Inderjeet Mani and
	D. George Wilson},
	title     = {Robust Temporal Processing of News},
	booktitle = {38th Annual Meeting of the Association for Computational Linguistics,
	Hong Kong, China, October 1-8, 2000.},
	year      = {2000},
	crossref  = {DBLP:conf/acl/2000},
	url       = {http://www.aclweb.org/anthology/P00-1010},
	timestamp = {Thu, 17 Aug 2017 17:55:42 +0200},
	biburl    = {http://dblp.org/rec/bib/conf/acl/ManiW00},
	bibsource = {dblp computer science bibliography, http://dblp.org}
}


@phdthesis{DBLP:phd/ethos/Setzer01,
	author    = {Andrea Setzer},
	title     = {Temporal information in newswire articles : an annotation scheme and
	corpus study},
	school    = {University of Sheffield, {UK}},
	year      = {2001},
	url       = {http://ethos.bl.uk/OrderDetails.do?uin=uk.bl.ethos.247243},
	timestamp = {Wed, 21 Sep 2016 14:43:23 +0200},
	biburl    = {http://dblp.org/rec/bib/phd/ethos/Setzer01},
	bibsource = {dblp computer science bibliography, http://dblp.org}
}

@inproceedings{DBLP:conf/ndqa/SchilderH03,
	author    = {Frank Schilder and
	Christopher Habel},
	title     = {Temporal Information Extraction for Temporal Question Answering},
	booktitle = {New Directions in Question Answering, Papers from 2003 {AAAI} Spring
	Symposium, Stanford University, Stanford, CA, {USA}},
	pages     = {35--44},
	year      = {2003},
	crossref  = {DBLP:conf/ndqa/2003},
	timestamp = {Tue, 02 Mar 2004 16:06:00 +0100},
	biburl    = {http://dblp.org/rec/bib/conf/ndqa/SchilderH03},
	bibsource = {dblp computer science bibliography, http://dblp.org}
}


@article{DBLP:journals/ftir/KanhabuaBN15,
	author    = {Nattiya Kanhabua and
	Roi Blanco and
	Kjetil N{\o}rv{\aa}g},
	title     = {Temporal Information Retrieval},
	journal   = {Foundations and Trends in Information Retrieval},
	volume    = {9},
	number    = {2},
	pages     = {91--208},
	year      = {2015},
	url       = {https://doi.org/10.1561/1500000043},
	doi       = {10.1561/1500000043},
	timestamp = {Sat, 27 May 2017 14:22:53 +0200},
	biburl    = {http://dblp.org/rec/bib/journals/ftir/KanhabuaBN15},
	bibsource = {dblp computer science bibliography, http://dblp.org}
}

@article{DBLP:journals/ai/HoffartSBW13,
	author    = {Johannes Hoffart and
	Fabian M. Suchanek and
	Klaus Berberich and
	Gerhard Weikum},
	title     = {{YAGO2:} {A} spatially and temporally enhanced knowledge base from
	Wikipedia},
	journal   = {Artif. Intell.},
	volume    = {194},
	pages     = {28--61},
	year      = {2013},
	url       = {https://doi.org/10.1016/j.artint.2012.06.001},
	doi       = {10.1016/j.artint.2012.06.001},
	timestamp = {Sat, 27 May 2017 14:24:42 +0200},
	biburl    = {http://dblp.org/rec/bib/journals/ai/HoffartSBW13},
	bibsource = {dblp computer science bibliography, http://dblp.org}
}

@inproceedings{DBLP:conf/www/KuzeyW12,
	author    = {Erdal Kuzey and
	Gerhard Weikum},
	title     = {Extraction of temporal facts and events from Wikipedia},
	booktitle = {2nd Temporal Web Analytics Workshop, TempWeb '12, Lyon, France, April
	16-17, 2012},
	pages     = {25--32},
	year      = {2012},
	crossref  = {DBLP:conf/www/2012tempweb},
	url       = {http://doi.acm.org/10.1145/2169095.2169101},
	doi       = {10.1145/2169095.2169101},
	timestamp = {Sun, 15 Jul 2012 17:38:29 +0200},
	biburl    = {http://dblp.org/rec/bib/conf/www/KuzeyW12},
	bibsource = {dblp computer science bibliography, http://dblp.org}
}


@phdthesis{DBLP:phd/de/Strotgen15,
	author    = {Jannik Str{\"{o}}tgen},
	title     = {Domain-sensitive temporal tagging for event-centric information retrieval},
	school    = {Heidelberg University},
	year      = {2015},
	url       = {http://archiv.ub.uni-heidelberg.de/volltextserver/18357/1/thesis.pdf},
	timestamp = {Wed, 08 Mar 2017 13:50:26 +0100},
	biburl    = {http://dblp.org/rec/bib/phd/de/Strotgen15},
	bibsource = {dblp computer science bibliography, http://dblp.org}
}

@book{DBLP:series/synthesis/2016Strotgen,
	author    = {Jannik Str{\"{o}}tgen and
	Michael Gertz},
	title     = {Domain-Sensitive Temporal Tagging},
	series    = {Synthesis Lectures on Human Language Technologies},
	publisher = {Morgan {\&} Claypool Publishers},
	year      = {2016},
	url       = {https://doi.org/10.2200/S00721ED1V01Y201606HLT036},
	doi       = {10.2200/S00721ED1V01Y201606HLT036},
	timestamp = {Tue, 16 May 2017 14:24:20 +0200},
	biburl    = {http://dblp.org/rec/bib/series/synthesis/2016Strotgen},
	bibsource = {dblp computer science bibliography, http://dblp.org}
}

@inproceedings{DBLP:conf/semweb/AuerBKLCI07,
	author    = {S{\"{o}}ren Auer and
	Christian Bizer and
	Georgi Kobilarov and
	Jens Lehmann and
	Richard Cyganiak and
	Zachary G. Ives},
	title     = {DBpedia: {A} Nucleus for a Web of Open Data},
	booktitle = {The Semantic Web, 6th International Semantic Web Conference, 2nd Asian
	Semantic Web Conference, {ISWC} 2007 + {ASWC} 2007, Busan, Korea,
	November 11-15, 2007.},
	pages     = {722--735},
	year      = {2007},
	crossref  = {DBLP:conf/semweb/2007},
	url       = {https://doi.org/10.1007/978-3-540-76298-0_52},
	doi       = {10.1007/978-3-540-76298-0_52},
	timestamp = {Mon, 05 Jun 2017 12:38:37 +0200},
	biburl    = {http://dblp.org/rec/bib/conf/semweb/AuerBKLCI07},
	bibsource = {dblp computer science bibliography, http://dblp.org}
}


@book{DBLP:books/lib/JurafskyM09,
	author    = {Dan Jurafsky and
	James H. Martin},
	title     = {Speech and language processing: an introduction to natural language
	processing, computational linguistics, and speech recognition, 2nd
	Edition},
	series    = {Prentice Hall series in artificial intelligence},
	publisher = {Prentice Hall, Pearson Education International},
	year      = {2009},
	url       = {http://www.worldcat.org/oclc/315913020},
	isbn      = {9780135041963},
	timestamp = {Wed, 03 May 2017 18:39:06 +0200},
	biburl    = {http://dblp.org/rec/bib/books/lib/JurafskyM09},
	bibsource = {dblp computer science bibliography, http://dblp.org}
}


@inproceedings{DBLP:conf/semeval/StrotgenG10,
	author    = {Jannik Str{\"{o}}tgen and
	Michael Gertz},
	title     = {HeidelTime: High Quality Rule-Based Extraction and Normalization of
	Temporal Expressions},
	booktitle = {Proceedings of the 5th International Workshop on Semantic Evaluation,
	SemEval@ACL 2010, Uppsala University, Uppsala, Sweden, July 15-16,
	2010},
	pages     = {321--324},
	year      = {2010},
	crossref  = {DBLP:conf/semeval/2010},
	url       = {http://aclweb.org/anthology/S/S10/S10-1071.pdf},
	timestamp = {Thu, 06 Oct 2016 13:56:34 +0200},
	biburl    = {http://dblp.org/rec/bib/conf/semeval/StrotgenG10},
	bibsource = {dblp computer science bibliography, http://dblp.org}
}


@inproceedings{DBLP:conf/emnlp/StrotgenG15,
	author    = {Jannik Str{\"{o}}tgen and
	Michael Gertz},
	title     = {A Baseline Temporal Tagger for all Languages},
	booktitle = {Proceedings of the 2015 Conference on Empirical Methods in Natural
	Language Processing, {EMNLP} 2015, Lisbon, Portugal, September 17-21,
	2015},
	pages     = {541--547},
	year      = {2015},
	crossref  = {DBLP:conf/emnlp/2015},
	url       = {http://aclweb.org/anthology/D/D15/D15-1063.pdf},
	timestamp = {Wed, 14 Oct 2015 09:56:24 +0200},
	biburl    = {http://dblp.org/rec/bib/conf/emnlp/StrotgenG15},
	bibsource = {dblp computer science bibliography, http://dblp.org}
}



@article{DBLP:journals/lre/StrotgenG13,
	author    = {Jannik Str{\"{o}}tgen and
	Michael Gertz},
	title     = {Multilingual and cross-domain temporal tagging},
	journal   = {Language Resources and Evaluation},
	volume    = {47},
	number    = {2},
	pages     = {269--298},
	year      = {2013},
	url       = {https://doi.org/10.1007/s10579-012-9179-y},
	doi       = {10.1007/s10579-012-9179-y},
	timestamp = {Sat, 20 May 2017 00:24:47 +0200},
	biburl    = {http://dblp.org/rec/bib/journals/lre/StrotgenG13},
	bibsource = {dblp computer science bibliography, http://dblp.org}
}



@inproceedings{DBLP:conf/www/AlonsoSBG11,
	author    = {Omar Alonso and
	Jannik Str{\"{o}}tgen and
	Ricardo A. Baeza{-}Yates and
	Michael Gertz},
	title     = {Temporal Information Retrieval: Challenges and Opportunities},
	booktitle = {{WWW2011} Workshop on Linked Data on the Web, Hyderabad, India, March
	29, 2011},
	pages     = {1--8},
	year      = {2011},
	crossref  = {DBLP:conf/www/2011ldow},
	url       = {http://ceur-ws.org/Vol-707/TWAW2011-paper1.pdf},
	timestamp = {Mon, 30 May 2016 16:43:12 +0200},
	biburl    = {http://dblp.org/rec/bib/conf/www/AlonsoSBG11},
	bibsource = {dblp computer science bibliography, http://dblp.org}
}


@inproceedings{Schilder:2001:TET:1118238.1118247,
 author = {Schilder, Frank and Habel, Christopher},
 title = {From Temporal Expressions to Temporal Information: Semantic Tagging of News Messages},
 booktitle = {Proceedings of the Workshop on Temporal and Spatial Information Processing - Volume 13},
 series = {TASIP '01},
 year = {2001},
 pages = {9:1--9:8},
 articleno = {9},
 numpages = {8},
 url = {https://doi.org/10.3115/1118238.1118247},
 doi = {10.3115/1118238.1118247},
 acmid = {1118247},
 publisher = {Association for Computational Linguistics},
 address = {Stroudsburg, PA, USA},
} 

@article{DBLP:journals/sigir/AlonsoGB07,
	author    = {Omar Alonso and
	Michael Gertz and
	Ricardo A. Baeza{-}Yates},
	title     = {On the value of temporal information in information retrieval},
	journal   = {{SIGIR} Forum},
	volume    = {41},
	number    = {2},
	pages     = {35--41},
	year      = {2007},
	url       = {http://doi.acm.org/10.1145/1328964.1328968},
	doi       = {10.1145/1328964.1328968},
	timestamp = {Wed, 19 Sep 2012 09:11:00 +0200},
	biburl    = {http://dblp.org/rec/bib/journals/sigir/AlonsoGB07},
	bibsource = {dblp computer science bibliography, http://dblp.org}
}

@article{ferro2001tides,
  title={Tides temporal annotation guidelines-version 1.0. 2},
  author={Ferro, Lisa and Mani, Inderjeet and Sundheim, Beth and Wilson, George},
  journal={The MITRE Corporation, McLean-VG-USA},
  year={2001}
}

@article{ferro2005tides,
	title={TIDES 2005 standard for the annotation of temporal expressions},
	author={Ferro, Lisa and Gerber, Laurie and Mani, Inderjeet and Sundheim, Beth and Wilson, George},
	year={2005}
}


@article{DBLP:journals/lre/PustejovskyKLS05,
	author    = {James Pustejovsky and
	Robert Knippen and
	Jessica Littman and
	Roser Saur{\'{\i}}},
	title     = {Temporal and Event Information in Natural Language Text},
	journal   = {Language Resources and Evaluation},
	volume    = {39},
	number    = {2-3},
	pages     = {123--164},
	year      = {2005},
	url       = {https://doi.org/10.1007/s10579-005-7882-7},
	doi       = {10.1007/s10579-005-7882-7},
	timestamp = {Sat, 20 May 2017 00:24:47 +0200},
	biburl    = {http://dblp.org/rec/bib/journals/lre/PustejovskyKLS05},
	bibsource = {dblp computer science bibliography, http://dblp.org}
}

@misc{ingria2002timeml,
	title={TimeML Specification 1.0},
	author={Ingria, Robert and Pustejovsky, James},
	year={2002}
}

@misc{pustejovsky2002annotation,
	title={Annotation Guideline to TimeML 1.0},
	author={Pustejovsky, James and Gaizauskas, Robert and Sauri, Roser and Setzer, Andrea and Ingria, Robert},
	year={2002}
}

@inproceedings{DBLP:conf/ndqa/PustejovskyCISGSKR03,
	author    = {James Pustejovsky and
	Jos{\'{e}} M. Casta{\~{n}}o and
	Robert Ingria and
	Roser Saur{\'{\i}} and
	Robert J. Gaizauskas and
	Andrea Setzer and
	Graham Katz and
	Dragomir R. Radev},
	title     = {TimeML: Robust Specification of Event and Temporal Expressions in
	Text},
	booktitle = {New Directions in Question Answering, Papers from 2003 {AAAI} Spring
	Symposium, Stanford University, Stanford, CA, {USA}},
	pages     = {28--34},
	year      = {2003},
	crossref  = {DBLP:conf/ndqa/2003},
	timestamp = {Mon, 29 Aug 2016 18:40:10 +0200},
	biburl    = {http://dblp.org/rec/bib/conf/ndqa/PustejovskyCISGSKR03},
	bibsource = {dblp computer science bibliography, http://dblp.org}
}

@article{sauri2006timeml,
  title={TimeML annotation guidelines},
  author={Saur{\'\i}, Roser and Littman, Jessica and Knippen, Bob and Gaizauskas, Robert and Setzer, Andrea and Pustejovsky, James},
  journal={Version},
  volume={1},
  number={1},
  pages={31},
  year={2006}
}

@misc{timeml2009guidelines,
  title={Guidelines for temporal expression annotation for english for tempeval 2010},
  author={TimeML Working Group and others},
  journal={2015-03-01]. http://www. timeml, org/tempeval2/tempeva12-trial/guidelines/timex3guidelines-072009, pdf},
  year={2009}
}

@article{iso86012000data,
	title={Data elements and interchange formats--Information interchange--Representation of dates and times},
	author={ISO8601, ISO},
	journal={ISO/TC154},
	year={2000}
}

@inproceedings{DBLP:conf/lrec/LlorensDGS12,
	author    = {Hector Llorens and
	Leon Derczynski and
	Robert J. Gaizauskas and
	Estela Saquete},
	title     = {{TIMEN:} An Open Temporal Expression Normalisation Resource},
	booktitle = {Proceedings of the Eighth International Conference on Language Resources
	and Evaluation, {LREC} 2012, Istanbul, Turkey, May 23-25, 2012},
	pages     = {3044--3051},
	year      = {2012},
	crossref  = {DBLP:conf/lrec/2012},
	url       = {http://www.lrec-conf.org/proceedings/lrec2012/summaries/128.html},
	timestamp = {Mon, 29 Aug 2016 18:40:10 +0200},
	biburl    = {http://dblp.org/rec/bib/conf/lrec/LlorensDGS12},
	bibsource = {dblp computer science bibliography, http://dblp.org}
}

@inproceedings{DBLP:conf/sigir/Shokouhi11,
	author    = {Milad Shokouhi},
	title     = {Detecting seasonal queries by time-series analysis},
	booktitle = {Proceeding of the 34th International {ACM} {SIGIR} Conference on Research
	and Development in Information Retrieval, {SIGIR} 2011, Beijing, China,
	July 25-29, 2011},
	pages     = {1171--1172},
	year      = {2011},
	crossref  = {DBLP:conf/sigir/2011},
	url       = {http://doi.acm.org/10.1145/2009916.2010104},
	doi       = {10.1145/2009916.2010104},
	timestamp = {Wed, 08 Feb 2017 13:37:23 +0100},
	biburl    = {http://dblp.org/rec/bib/conf/sigir/Shokouhi11},
	bibsource = {dblp computer science bibliography, http://dblp.org}
}

@inproceedings{DBLP:conf/www/AgarwalS17,
	author    = {Prabal Agarwal and
	Jannik Str{\"{o}}tgen},
	title     = {Tiwiki: Searching Wikipedia with Temporal Constraints},
	booktitle = {Proceedings of the 26th International Conference on World Wide Web
	Companion, Perth, Australia, April 3-7, 2017},
	pages     = {1595--1600},
	year      = {2017},
	crossref  = {DBLP:conf/www/2017c},
	url       = {http://doi.acm.org/10.1145/3041021.3051112},
	doi       = {10.1145/3041021.3051112},
	timestamp = {Tue, 18 Apr 2017 15:34:36 +0200},
	biburl    = {http://dblp.org/rec/bib/conf/www/AgarwalS17},
	bibsource = {dblp computer science bibliography, http://dblp.org}
}

@inproceedings{DBLP:conf/imcsit/CasellidP09,
	author    = {Tommaso Caselli and
	Felice Dell'Orletta and
	Irina Prodanof},
	title     = {{TETI:} a TimeML compliant TimEx tagger for Italian},
	booktitle = {Proceedings of the International Multiconference on Computer Science
	and Information Technology, {IMCSIT} 2009, Mragowo, Poland, 12-14
	October 2009},
	pages     = {185--192},
	year      = {2009},
	crossref  = {DBLP:conf/imcsit/2009},
	url       = {https://doi.org/10.1109/IMCSIT.2009.5352729},
	doi       = {10.1109/IMCSIT.2009.5352729},
	timestamp = {Sun, 04 Jun 2017 10:03:53 +0200},
	biburl    = {http://dblp.org/rec/bib/conf/imcsit/CasellidP09},
	bibsource = {dblp computer science bibliography, http://dblp.org}
}

